@article{ray2015naturalness,
  title={On the" Naturalness" of Buggy Code},
  author={Ray, Baishakhi and Hellendoorn, Vincent and Tu, Zhaopeng and Nguyen, Connie and Godhane, Saheel and Bacchelli, Alberto and Devanbu, Premkumar},
  journal={arXiv preprint arXiv:1506.01159},
  year={2015}
}

@article{catal2009systematic,
  title={A systematic review of software fault prediction studies},
  author={Catal, Cagatay and Diri, Banu},
  journal={Expert systems with applications},
  volume={36},
  number={4},
  pages={7346--7354},
  year={2009},
  publisher={Elsevier}
}

@inproceedings{rahman2014comparing,
  title={Comparing static bug finders and statistical prediction},
  author={Rahman, Foyzur and Khatri, Sameer and Barr, Earl T and Devanbu, Premkumar},
  booktitle={Proceedings of the 36th International Conference on Software Engineering},
  pages={424--434},
  year={2014},
  organization={ACM}
}

@inproceedings{hindle2012naturalness,
  title={On the naturalness of software},
  author={Hindle, Abram and Barr, Earl T and Su, Zhendong and Gabel, Mark and Devanbu, Premkumar},
  booktitle={Software Engineering (ICSE), 2012 34th International Conference on},
  pages={837--847},
  year={2012},
  organization={IEEE}
}

@article{hochreiter1997long,
  title={Long short-term memory},
  author={Hochreiter, Sepp and Schmidhuber, J{\"u}rgen},
  journal={Neural computation},
  volume={9},
  number={8},
  pages={1735--1780},
  year={1997},
  publisher={MIT Press}
}


@inproceedings{sutskever2014sequence,
  title={Sequence to sequence learning with neural networks},
  author={Sutskever, Ilya and Vinyals, Oriol and Le, Quoc V},
  booktitle={Advances in neural information processing systems},
  pages={3104--3112},
  year={2014}
}

@inproceedings{sundermeyer2012lstm,
  title={LSTM Neural Networks for Language Modeling.},
  author={Sundermeyer, Martin and Schl{\"u}ter, Ralf and Ney, Hermann}
}

@article{graves2013generating,
  title={Generating sequences with recurrent neural networks},
  author={Graves, Alex},
  journal={arXiv preprint arXiv:1308.0850},
  year={2013}
}

@article{karpathy2015visualizing,
  title={Visualizing and understanding recurrent networks},
  author={Karpathy, Andrej and Johnson, Justin and Li, Fei-Fei},
  journal={arXiv preprint arXiv:1506.02078},
  year={2015}
}